% Encoding: UTF-8
@misc{osm2pgsql-manual,
	title = {Osm2pgsql {Manual} - osm2pgsql},
	url = {https://osm2pgsql.org/doc/manual.html},
	urldate = {2022-04-22},
}

@misc{postgres-psql,
	title = {psql},
	url = {https://www.postgresql.org/docs/9.2/app-psql.html},
	language = {en},
	urldate = {2022-04-28},
	journal = {PostgreSQL Documentation},
	month = nov,
	year = {2017},
}

@misc{osm-mapfeatures,
    title = {OpenStreetMap - Map features},
    url = {https://wiki.openstreetmap.org/wiki/Map_features},
    language = {en},
	urldate = {2022-04-28},
	journal = {PostgreSQL Documentation},
	month = nov,
	year = {2017},
}

@Misc{postgresql-cluster,
  month    = feb,
  title    = {Creating a {Database} {Cluster}},
  year     = {2021},
  journal  = {PostgreSQL Documentation},
  language = {en},
  url      = {https://www.postgresql.org/docs/9.5/creating-cluster.html},
  urldate  = {2022-05-03},
}

@Misc{peer-authentification,
  month    = feb,
  title    = {21.9. {Peer} {Authentication}},
  year     = {2022},
  abstract = {21.9.\&nbsp;Peer Authentication The peer authentication method works by obtaining the client's operating system user name from the kernel and using …},
  journal  = {PostgreSQL Documentation},
  language = {en},
  url      = {https://www.postgresql.org/docs/14/auth-peer.html},
  urldate  = {2022-05-04},
}

@Misc{pbf,
  title   = {{DE}:{PBF} {Format} – {OpenStreetMap} {Wiki}},
  url     = {https://wiki.openstreetmap.org/wiki/DE:PBF_Format},
  urldate = {2022-05-04},
}

@Misc{osm-taginfo,
  title   = {{OpenStreetMap} {Taginfo}},
  url     = {https://taginfo.openstreetmap.org/reports/database_statistics},
  urldate = {2022-05-04},
}

@Misc{osm:admin-level,
  title   = {Key:admin\_level – {OpenStreetMap} {Wiki}},
  url     = {https://wiki.openstreetmap.org/wiki/Key:admin_level},
  urldate = {2022-05-04},
}

@Misc{osm2pgsql,
  title   = {Home - osm2pgsql},
  url     = {https://osm2pgsql.org/},
  urldate = {2022-05-04},
}

@Misc{osm:pbf,
  title   = {{PBF} {Format} – {OpenStreetMap} {Wiki}},
  url     = {https://wiki.openstreetmap.org/wiki/PBF_Format},
  urldate = {2022-05-06},
}

@Misc{ohdmconverter:repo,
  author  = {Prof. Dr.-Ing. Thomas Schwotzer},
  title   = {OHDMConverter GitHub Repository},
  url     = {https://github.com/OpenHistoricalDataMap/OHDMConverter},
  urldate = {2022-05-10},
}

@Misc{postgis:manual,
  title    = {{PostGIS} 3.0.0 {Handbuch}},
  abstract = {PostGIS ist eine Erweiterung des objektrelationalen Datenbanksystems PostgreSQL. Es ermöglicht die Speicherung von Geoobjekten eines GIS (Geoinformationssystem) in der Datenbank. PostGIS unterstützt räumliche, GIST-basierte R-Tree Indizes, sowie Funktionen zur Analyse und Bearbeitung von Geoobjekten.  Dieses Handbuch beschreibt die Version 3.0.0 Diese Arbeit ist unter der Creative Commons Attribution-Share Alike 3.0 License lizensiert. Sie können den Inhalt ungeniert nutzen, aber wir ersuchen Sie das PostGIS Projekt namentlich aufzuführen und wenn möglich einen Verweis auf http://postgis.net zu setzen.},
  url      = {https://postgis.net/docs/manual-3.0/postgis-de.html},
  urldate  = {2022-05-11},
}

@Book{postgres14:cookbook,
  author    = {Riggs, Simon and Ciolli, Gianni},
  publisher = {Packt Publishing, Limited},
  title     = {{PostgreSQL} 14 {Administration} {Cookbook} {Over} 175 {Proven} {Recipes} for {Database} {Administrators} to {Manage} {Enterprise} {Databases} {Effectively}.},
  year      = {2022},
  address   = {Birmingham},
  isbn      = {9781803240787},
  note      = {OCLC: 1306056111},
  abstract  = {Administer, monitor, and replicate your PostgreSQL 14 database for efficient database management and maintenance Key Features Troubleshoot and tackle any administration and management problems in PostgreSQL 14 Find expert techniques for monitoring, fine-tuning, and securing your database Adopt efficient replication for high availability with PostgreSQL 14 Book Description PostgreSQL is a powerful, open-source database management system with an enviable reputation for high performance and stability. With many new features in its arsenal, PostgreSQL 14 allows you to scale up your PostgreSQL infrastructure. With this book, you'll take a step-by-step, recipe-based approach to effective PostgreSQL administration. This book will get you up and running with all the latest features of PostgreSQL 14 while helping you explore the entire database ecosystem. You'll learn how to tackle a variety of problems and pain points you may face as a database administrator such as creating tables, managing views, improving performance, and securing your database. As you make progress, the book will draw attention to important topics such as monitoring roles, validating backups, regular maintenance, and recovery of your PostgreSQL 14 database. This will help you understand roles, ensuring high availability, concurrency, and replication. Along with updated recipes, this book touches upon important areas like using generated columns, TOAST compression, PostgreSQL on the cloud, and much more. By the end of this PostgreSQL book, you'll have gained the knowledge you need to manage your PostgreSQL 14 database efficiently, both in the cloud and on-premise. What you will learn Plan, manage, and maintain PostgreSQL databases in production Work with the newly introduced features of PostgreSQL 14 Use pgAdmin or OmniDB to perform database administrator (DBA) tasks Use psql to write accurate and repeatable scripts Understand how to tackle real-world data issues with the help of examples Select and implement robust backup and recovery techniques in PostgreSQL 14 Deploy best practices for planning and designing live databases Who this book is for This Postgres 14 book is for database administrators, data architects, database developers, and anyone with an interest in planning and running live production databases using PostgreSQL 14. Those looking for hands-on solutions to any problem associated with PostgreSQL 14 administration will also find this book useful. Some experience with handling PostgreSQL databases will help you to make the most out of this book, however, it is a useful resource even if you are just beginning your Postgres journey.},
  language  = {English},
  url       = {https://public.ebookcentral.proquest.com/choice/PublicFullRecord.aspx?p=6938281},
  urldate   = {2022-05-11},
}

@Misc{planet-osm,
  title   = {Planet OSM},
  url     = {https://planet.openstreetmap.org/},
  urldate = {2022-05-10},
}

@Comment{jabref-meta: databaseType:bibtex;}
