@misc{osm2pgsql-manual,
	title = {Osm2pgsql {Manual} - osm2pgsql},
	url = {https://osm2pgsql.org/doc/manual.html},
	urldate = {2022-04-22},
}

@misc{postgres-psql,
	title = {psql},
	url = {https://www.postgresql.org/docs/9.2/app-psql.html},
	language = {en},
	urldate = {2022-04-28},
	journal = {PostgreSQL Documentation},
	month = nov,
	year = {2017},
}

@misc{osm-mapfeatures,
    title = {OpenStreetMap - Map features},
    url = {https://wiki.openstreetmap.org/wiki/Map_features},
    language = {en},
	urldate = {2022-04-28},
	journal = {PostgreSQL Documentation},
	month = nov,
	year = {2017},
}

